@book{Marsden2003,
	author	=	{Marsden, Jerrold E. and Tromba, Anthony J.},
	title		=	{Vector Calculus},
	year		=	{2003},
	publisher	=	{W.H. Freeman},
	address	=	{},
	edition	=	{5},
}% ISBN-13: 978-0-716-74992-9



@book{Stewart2008,
	author	=	{Stewart, James},
	title		=	{Calculus: Early Transcendentals},
	year		=	{2008},
	publisher	=	{Thomson Brooks/Cole},
	address	=	{},
	edition	=	{6},
}% ISBN-13: 978-0-495-01166-5